@misc{paper1,
    title={Very Important Science Results},
    author={Alice A. Scientist and Bob B. Mather},
    year={2020}
}

@misc{paper2,
    title={This is another fake paper},
    author={Fake Fake and Fake Fake},
    year={1492}
}